@article{nayeem2017extract,
  title={Extract with Order for Coherent Multi-Document Summarization},
  author={Nayeem, Mir Tafseer and Chali, Yllias},
  journal={TextGraphs-11},
  pages={51},
  year={2017}
}