@article{nayeem2017extract,
  title={Extract with Order for Coherent Multi-Document Summarization},
  author={Nayeem, Mir Tafseer and Chali, Yllias},
  journal={TextGraphs-11},
  pages={51},
  year={2017}
}
@article{chung2014empirical,
	title={Empirical evaluation of gated recurrent neural networks on sequence modeling},
	author={Chung, Junyoung and Gulcehre, Caglar and Cho, KyungHyun and Bengio, Yoshua},
	journal={arXiv preprint arXiv:1412.3555},
	year={2014}
}

@article{williams_simple_1992,
	title = {Simple statistical gradient-following algorithms for connectionist reinforcement learning},
	volume = {8},
	number = {3-4},
	journal = {Machine learning},
	author = {Williams, Ronald J},
	year = {1992},
	pages = {229--256}
}

@article{lcsts,
	author    = {Hu, Baotian  and Chen, Qingcai  and Zhu, Fangze },
	title     = {{LCSTS:} {A} Large Scale Chinese Short Text Summarization Dataset},
	journal   = {CoRR},
	volume    = {abs/1506.05865},
	year      = {2015},
}

@inproceedings{fb2015,
	author = {Rush, Alexander M. and Chopra, Sumit and Weston, Jason},
	booktitle = {EMNLP},
	pages = {379-389},
	title = {A Neural Attention Model for Abstractive Sentence Summarization.},
	year = 2015
}


@inproceedings{NIPS2014_hu,
	title = {Convolutional Neural Network Architectures for Matching Natural Language Sentences},
	author = {Hu, Baotian and Lu, Zhengdong and Li, Hang and Chen, Qingcai},
	booktitle = {Advances in Neural Information Processing Systems 27},
	pages = {2042--2050},
	year = {2014},
}

@incollection{NIPS2012_4824,
	title = {ImageNet Classification with Deep Convolutional Neural Networks},
	author = {Alex, Krizhevsky and Sutskever, Ilya and Hinton, Geoffrey E},
	booktitle = {Advances in Neural Information Processing Systems 25},
	pages = {1097--1105},
	year = {2012},
	publisher = {Curran Associates, Inc.},
	url = {http://papers.nips.cc/paper/4824-imagenet-classification-with-deep-convolutional-neural-networks.pdf}
}

@inproceedings{jianpeng2016,
	author    = {Cheng, Jianpeng  and Lapata, Mirella},
	title     = {Neural Summarization by Extracting Sentences and Words},
	booktitle = {Proceedings of the 54th Annual Meeting of the Association for Computational
	Linguistics, {ACL} 2016, August 7-12, 2016, Berlin, Germany},
	year      = {2016},
	bibsource = {dblp computer science bibliography, http://dblp.org}
}

@inproceedings{SummaRuNNer,
	author    = {Nallapati, Ramesh and Zhai, Feifei  and Zhou, Bowen },
	title     = {SummaRuNNer: {A} Recurrent Neural Network Based Sequence Model for Extractive Summarization of Documents},
	booktitle = {Proceedings of the Thirty-First {AAAI} Conference on Artificial Intelligence, February 4-9, 2017, San Francisco, California, {USA.}},
	pages     = {3075--3081},
	year      = {2017}
}


@article{socher2017_summarization,
	author    = {Paulus,Romain  and Xiong, Caiming  and Socher, Richard },
	title     = {A Deep Reinforced Model for Abstractive Summarization},
	journal   = {CoRR},
	volume    = {abs/1705.04304},
	year      = {2017},
}


@inproceedings{hermann_teaching_2015,
	title = {Teaching machines to read and comprehend},
	urldate = {2016-11-22},
	booktitle = {Advances in {Neural} {Information} {Processing} {Systems}},
	author = {Hermann, Karl Moritz and Kocisky, Tomas and Grefenstette, Edward and Espeholt, Lasse and Kay, Will and Suleyman, Mustafa and Blunsom, Phil},
	year = {2015},
	pages = {1693--1701}
}

@inproceedings{nallapati_ramesh_abstractive_2016,
	address = {Berlin, Germany},
	title = {Abstractive {Text} {Summarization} using {Sequence}-to-sequence {RNNs} and {Beyond}},
	url = {https://pdfs.semanticscholar.org/b9e3/3c9d779ccecdc2a81b9bb52e424d96423220.pdf},
	urldate = {2016-11-22},
	booktitle = {Proceedings of the 20th \{{SIGNLL}\} {Conference} on {Computational} {Natural} {Language} {Learning}},
	author = {Nallapati, Ramesh  and Zhou, Bowen  and Gulcehre, Caglar  and Xiang, Bing },
	year = {2016},
	keywords = {Computer Science - Computation and Language}
}

@article{see_get_2017,
	title = {Get {To} {The} {Point}: {Summarization} with {Pointer}-{Generator} {Networks}},
	shorttitle = {Get {To} {The} {Point}},
	url = {http://arxiv.org/abs/1704.04368},
	urldate = {2017-04-20},
	journal = {arXiv:1704.04368 [cs]},
	author = {See, Abigail and Liu, Peter J. and Manning, Christopher D.},
	month = apr,
	year = {2017},
	note = {arXiv: 1704.04368}
}


@article{ayana2016,
	author    = {Ayana and Shen, Shiqi  and Liu, Zhiyuan  and Sun, Maosong },
	title     = {Neural Headline Generation with Minimum Risk Training},
	journal   = {CoRR},
	volume    = {abs/1604.01904},
	year      = {2016},
	url       = {http://arxiv.org/abs/1604.01904},
	timestamp = {Wed, 07 Jun 2017 14:40:22 +0200},
	biburl    = {http://dblp.uni-trier.de/rec/bib/journals/corr/AyanaSLS16},
	bibsource = {dblp computer science bibliography, http://dblp.org}
}

@article{sltrnn2016,
	author    = {Ranzato, Marc'Aurelio  and Chopra,Sumit  and Auli, Michael and Zaremba, Wojciech },
	title     = {Sequence Level Training with Recurrent Neural Networks},
	journal   = {CoRR},
	volume    = {abs/1511.06732},
	year      = {2015},
	url       = {http://arxiv.org/abs/1511.06732},
	timestamp = {Wed, 07 Jun 2017 14:41:00 +0200},
	biburl    = {http://dblp.uni-trier.de/rec/bib/journals/corr/RanzatoCAZ15},
	bibsource = {dblp computer science bibliography, http://dblp.org}
}

@article{Yao2017RecentAI,
	title={Recent advances in document summarization},
	author={Yao, {Jin-ge}  and Wan, Xiaojun  and Xiao, Jianguo },
	journal={Knowledge and Information Systems},
	year={2017},
	pages={1-40}
}

@article{entitygrid,
	author = {Barzilay, Regina and Lapata, Mirella},
	title = {Modeling Local Coherence: An Entity-based Approach},
	journal = {Comput. Linguist.},
	issue_date = {March 2008},
	volume = {34},
	number = {1},
	month = mar,
	year = {2008},
	issn = {0891-2017},
	pages = {1--34},
	numpages = {34},
	url = {http://dx.doi.org/10.1162/coli.2008.34.1.1},
	doi = {10.1162/coli.2008.34.1.1},
	acmid = {1350987},
	publisher = {MIT Press},
	address = {Cambridge, MA, USA},
} 

@inproceedings{nlcm,
	author    = {Nguyen, Dat Tien  and Joty, Shafiq Rayhan },
	title     = {A Neural Local Coherence Model},
	booktitle = {Proceedings of the 55th Annual Meeting of the Association for Computational
	Linguistics, {ACL} 2017, Vancouver, Canada, July 30 - August 4, Volume
	1: Long Papers},
	pages     = {1320--1330},
	year      = {2017},
	url       = {https://doi.org/10.18653/v1/P17-1121},
	doi       = {10.18653/v1/P17-1121},
	timestamp = {Fri, 04 Aug 2017 16:38:24 +0200},
	biburl    = {http://dblp.uni-trier.de/rec/bib/conf/acl/NguyenJ17},
	bibsource = {dblp computer science bibliography, http://dblp.org}
}


@inproceedings{jiweili2014,
	author = {Li, Jiwei and Hovy, Eduard H.},
	booktitle = {EMNLP},
	editor = {Moschitti, Alessandro and Pang, Bo and Daelemans, Walter},
	ee = {http://aclweb.org/anthology/D/D14/D14-1218.pdf},
	interhash = {b78c7573e35d1a732576cd95576c2b5c},
	intrahash = {7640ca35f32e631ebe6e5cfde97ccf26},
	isbn = {978-1-937284-96-1},
	keywords = {dblp},
	pages = {2039-2048},
	publisher = {ACL},
	timestamp = {2015-06-19T21:09:13.000+0200},
	title = {A Model of Coherence Based on Distributed Sentence Representation.},
	url = {http://dblp.uni-trier.de/db/conf/emnlp/emnlp2014.html#LiH14a},
	year = 2014
}


@InProceedings{duyutang-sentiment,
	author    = {Tang, Duyu  and  Qin, Bing  and  Liu, Ting},
	title     = {Document Modeling with Gated Recurrent Neural Network for Sentiment Classification},
	booktitle = {Proceedings of the 2015 Conference on Empirical Methods in Natural Language Processing},
	month     = {September},
	year      = {2015},
	address   = {Lisbon, Portugal},
	pages     = {1422--1432},
	url       = {http://aclweb.org/anthology/D15-1167}
}

@article{cho-translation,
	author    = {Bahdanau, Dzmitry  and Cho, Kyunghyun  and Bengio, Yoshua },
	title     = {Neural Machine Translation by Jointly Learning to Align and Translate},
	journal   = {CoRR},
	volume    = {abs/1409.0473},
	year      = {2014},
	url       = {http://arxiv.org/abs/1409.0473},
	timestamp = {Wed, 07 Jun 2017 14:40:19 +0200},
	biburl    = {http://dblp.uni-trier.de/rec/bib/journals/corr/BahdanauCB14},
	bibsource = {dblp computer science bibliography, http://dblp.org}
}


@article{word2vec,
	author    = {Mikolov, Tomas  and Chen, Kai  and Corrado, Greg  and Dean, Jeffrey},
	title     = {Efficient Estimation of Word Representations in Vector Space},
	journal   = {CoRR},
	volume    = {abs/1301.3781},
	year      = {2013},
	url       = {http://arxiv.org/abs/1301.3781},
	timestamp = {Wed, 07 Jun 2017 14:42:25 +0200},
	biburl    = {http://dblp.uni-trier.de/rec/bib/journals/corr/abs-1301-3781},
	bibsource = {dblp computer science bibliography, http://dblp.org}
}

@article{nc_baotian,
	author = {Hu, Baotian and Tang, Buzhou and Chen, Qingcai and Kang, Longbiao},
	title = {A Novel Word Embedding Learning Model Using the Dissociation Between Nouns and Verbs},
	journal = {Neurocomput.},
	issue_date = {January 2016},
	volume = {171},
	number = {C},
	month = jan,
	year = {2016},
	issn = {0925-2312},
	pages = {1108--1117},
	numpages = {10},
	url = {https://doi.org/10.1016/j.neucom.2015.07.046},
	doi = {10.1016/j.neucom.2015.07.046},
	acmid = {2839938},
	publisher = {Elsevier Science Publishers B. V.},
	address = {Amsterdam, The Netherlands, The Netherlands},
	keywords = {Dissociation between nouns and verbs, Language model, Word embeddings},
} 

@inproceedings{rl2nmt,
	Author = {Nguyen, Khanh  and Boyd-Graber, Jordan  and Daume, Hal III},
	Booktitle = {Empirical Methods in Natural Language Processing},
	Location = {Copenhagen, Denmark},
	Year = {2017},
	Title = {Reinforcement Learning for Bandit Neural Machine Translation with Simulated Human Feedback},
}

@article{cnn_side,
	author    = {Narayan, Shashi  and Papasarantopoulos, Nikos  and Lapata, Mirella  and Cohen, Shay B. },
	title     = {Neural Extractive Summarization with Side Information},
	journal   = {CoRR},
	volume    = {abs/1704.04530},
	year      = {2017},
	url       = {http://arxiv.org/abs/1704.04530},
	timestamp = {Wed, 07 Jun 2017 14:41:42 +0200},
	biburl    = {http://dblp.uni-trier.de/rec/bib/journals/corr/NarayanPLC17},
	bibsource = {dblp computer science bibliography, http://dblp.org}
}


@article{cnn,
	Author = {LeCun, Yann and Bengio, Yoshua},
	Date-Modified = {2014-10-04 11:30:03 +0000},
	Journal = {The Handbook of Brain Theory and Neural Networks},
	Publisher = {Cambridge, MA: MIT Press},
	Title = {Convolutional Networks for Images, Speech and Time Series},
	Volume = {3361},
	Year = {1995}}

@inproceedings{reLu,
	Author = {Dahl, George E and Sainath, Tara N and Hinton, Geoffrey E. },
	Booktitle = {Proceedings of ICASSP},
	Title = {Improving Deep Neural Networks for LVCSR Using Rectified Linear Units and Dropout},
	Year = {2013}}

@book{nltk,
 author = {Bird, Steven and Klein, Ewan and Loper, Edward},
 title = {Natural Language Processing with Python},
 year = {2009},
 isbn = {0596516495, 9780596516499},
 edition = {1st},
 publisher = {O'Reilly Media, Inc.},
} 

@inproceedings{rouge,
    author = {Lin, Chin-Yew},
    url = {http://www.aclweb.org/anthology/W04-1013},
    title = {ROUGE: A Package for Automatic Evaluation of Summaries},
    booktitle = {Text Summarization Branches Out: Proceedings of the ACL-04 Workshop},
    editor = {Marie-Francine Moens, Stan Szpakowicz},
    year = {2004},
    month = {July},
    address = {Barcelona, Spain},
    pages = {74--81}
    }


@article{graph_based,
 author = {Erkan, G\"{u}nes and Radev, Dragomir R.},
 title = {LexRank: Graph-based Lexical Centrality As Salience in Text Summarization},
 journal = {J. Artif. Int. Res.},
 issue_date = {July 2004},
 volume = {22},
 number = {1},
 month = dec,
 year = {2004},
 issn = {1076-9757},
 pages = {457--479},
 numpages = {23},
 url = {http://dl.acm.org/citation.cfm?id=1622487.1622501},
 acmid = {1622501},
 publisher = {AI Access Foundation},
 address = {USA},
} 

@inproceedings{ilp,
 author = {Berg-Kirkpatrick, Taylor and Gillick, Dan and Klein, Dan},
 title = {Jointly Learning to Extract and Compress},
 booktitle = {Proceedings of the 49th Annual Meeting of the Association for Computational Linguistics: Human Language Technologies - Volume 1},
 series = {HLT '11},
 year = {2011},
 isbn = {978-1-932432-87-9},
 location = {Portland, Oregon},
 pages = {481--490},
 numpages = {10},
 url = {http://dl.acm.org/citation.cfm?id=2002472.2002534},
 acmid = {2002534},
 address = {Stroudsburg, PA, USA},
} 

@InProceedings{xiaoqiang,
  author = 	"Zhou, Xiaoqiang and Hu, Baotian and Lin, Jiaxin and xiang, Yang and Wang, Xiaolong",
  title = 	"ICRC-HIT: A Deep Learning based Comment Sequence Labeling System for Answer Selection Challenge",
  booktitle = 	"Proceedings of the SemEval 2015",
  year = 	"2015",
  pages = 	"210--214",
  location = 	"Denver, Colorado",
  doi = 	"10.18653/v1/S15-2037",
}


@inproceedings{lin_class_2011,
	title = {A class of submodular functions for document summarization},
	url = {http://dl.acm.org/citation.cfm?id=2002537},
	urldate = {2017-05-15},
	booktitle = {Proceedings of the 49th {Annual} {Meeting} of the {Association} for {Computational} {Linguistics}: {Human} {Language} {Technologies}-{Volume} 1},
	author = {Lin, Hui and Bilmes, Jeff},
	year = {2011},
	pages = {510--520}
}


@inproceedings{filippova_sentence_2015,
	title = {Sentence {Compression} by {Deletion} with {LSTMs}.},
	url = {http://www.aclweb.org/website/old_anthology/D/D15/D15-1042.pdf},
	urldate = {2017-05-14},
	booktitle = {{EMNLP}},
	author = {Filippova, Katja and Alfonseca, Enrique and Colmenares, Carlos A. and Kaiser, Lukasz and Vinyals, Oriol},
	year = {2015},
	pages = {360--368}
}
@book{sutton_reinforcement_nodate,
	title = {Reinforcement learning: {An} introduction},
	volume = {1},
	number = {1},
	author = {Sutton, Richard S and Barto, Andrew G},
	year = {1998}
}